@Book{ranta2011book,
	author = "Aarne Ranta",
	title = "{Grammatical Framework: Programming with Multilingual Grammars}",
	publisher = "{CSLI Publications}",
	year = "2011",
	address = "Stanford",
}

@Article{ranta2004jfp,
    author = "Aarne Ranta",
    title = {Grammatical Framework: A Type-Theoretical Grammar Formalism},
    journal = {Journal of Functional Programming},
    volume = "14",
    pages = "145--189",
    year = "2004",
    url = "http://www.cse.chalmers.se/~aarne/articles/gf-jfp.pdf"
}

@Article{ranta2009lilt,
	author = "Aarne Ranta",
	title = {The GF Resource Grammar Library},
	journal = {Linguistic Issues in Language Technology},
	volume = "2",
	issue = "2",
	year = "2009",
	url = "http://elanguage.net/journals/index.php/lilt/article/viewFile/214/158"
}	

@InProceedings{detrez_ranta2012eacl,
	title = "Smart Paradigms and the Predictability and Complexity of Inflectional Morphology",
	booktitle = "EACL (European Association for Computational Linguistics)",
	year = "2012",
	month = "April",
	publisher = "{Association for Computational Linguistics} ",
	address = "Avignon",
	keywords = "grammar complexity, resource grammars, smart paradigms",
	url = "http://www.cse.chalmers.se/~aarne/articles/smart-preprint.pdf",
	author = "Gr{\'e}goire D{\'e}trez and Aarne Ranta"
}

@inproceedings{prasad_virk2012coling,
  author = "Prasad, K.V.S. and Virk, Shafqat",
  title = "Computational evidence that Hindi and Urdu share a grammar but not the lexicon",
  booktitle = {{3rd Workshop on South and Southeast Asian Natural Language Processing (SANLP), collocated with COLING 12}},
  year = "2012"
  }

@InCollection{ranta2008how,
	title = {{How predictable is Finnish morphology? An experiment on lexicon construction}},
	author = "Aarne Ranta",
	editor = {J. Nivre and M. Dahll\"of and B. Megyesi},
	booktitle = "Resourceful Language Technology: Festschrift in Honor of Anna Sågvall Hein",
	publisher = {{University of Uppsala}},
	url = {http://publications.uu.se/abstract.xsql?dbid=8933},
	year = {2008},
	pages = {130--148}
}

@misc{Hammarstrom09GFSS,
  Author = "Harald Hammarstr{\"o}m",
  Howpublished = {Presentation at the GF Summer School 2009},
  Year = {2009},
  Title = {GF and the Languages of the World},
  url = "http://www.grammaticalframework.org/gfss/gftyp.pdf"
}





@PhdThesis{ljunglof2004expressivity,
	title = {{Expressivity and Complexity of the Grammatical Framework}},
	author = {Ljunglöf, Peter},
	year = {2004},
	school = {{University of Gothenburg}} 
}

@article{bringert2005multimodal,
	title = {{Multimodal Dialogue System Grammars}},
	author = {Bringert, Björn and Ljunglöf, Peter and Ranta, Aarne and Cooper, Robin},
	journal	= {Proceedings of DIALOR'05, Ninth Workshop on the Semantics and Pragmatics of Dialogue},
	year = {2005},
}

@article{angelov_ljunglof2014eacl,
  author = {Angelov, Krasimir and Ljunglöf, Peter},
  year = "2014",
  title = "Fast statistical parsing with parallel multiple context-free grammars",
  journal = {{European Chapter of the Association for Computational Linguistics, Gothenburg}}
}

@article{angelov_bringert_ranta2014eacl,
  title = {{Speech-Enabled Hybrid Multilingual Translation for Mobile Devices}},
  author = {Angelov, Krasimir and Bringert, Björn and Ranta, Aarne},
  journal = {{European Chapter of the Association for Computational Linguistics, Gothenburg}},
  year = "2014"
}

@incollection{ranta2012MT_typetheory,
year={2012},
isbn={978-94-007-4434-9},
booktitle={Epistemology versus Ontology},
volume={27},
series={Logic, Epistemology, and the Unity of Science},
editor={Dybjer, P. and Lindström, Sten and Palmgren, Erik and Sundholm, G.},
doi={10.1007/978-94-007-4435-6_14},
title={Machine Translation and Type Theory},
url={http://dx.doi.org/10.1007/978-94-007-4435-6_14},
publisher={Springer Netherlands},
author={Ranta, Aarne},
pages={281-311},
language={English}
}

@inproceedings{gruzitis2012,
  author    = {Normunds Gr\=uz\={\i}tis and
               Peteris Paikens and
               Guntis Barzdins},
  title     = {FrameNet Resource Grammar Library for GF},
  booktitle = {CNL},
  year      = {2012},
  pages     = {121-137},
  ee        = {http://dx.doi.org/10.1007/978-3-642-32612-7_9},
  bibsource = {DBLP, http://dblp.uni-trier.de}
}
